@INBOOK{castillo2014_book_sipesca,
	AUTHOR       = {Castillo, P.A. and Fern{\'a}ndez-Ares, A. and Garc{\'\i}a-Fern{\'a}ndez, P. and Garc{\'\i}a-S{\'a}nchez, P. and Arenas, M.G. and Mora, A.M. and Rivas, V.M. and Asensio, J.J. and Romero, G. and Merelo, J.J.},
	TITLE        = {Handbook of Research on Embedded Systems Design},
	CHAPTER      = {Studying Individualized Transit Indicators Using a New Low-Cost Information System},
	PUBLISHER    = {IGI Global},
	YEAR         = "2014",
	SERIES       = {Advances in Systems Analysis, Software Engineering, and High Performance Computing (ASASEHPC) Book Series. Industry and Research Perspectives on Embedded System Design},
	PAGES        = {388--407},
	EDITOR       = "Alessandra Bagnato, Leandro Soares Indrusiak, Imran Rafiq Quadri, Matteo Rossi"
}


@Article{ShortTermTrafficFlow2015, 
year={2015},
issn={1007-1172},
journal={Journal of Shanghai Jiaotong University (Science)},
volume={20},
number={2},
doi={10.1007/s12204-015-1604-0},
title={A short-term traffic flow forecasting method and its applications},
url={http://dx.doi.org/10.1007/s12204-015-1604-0},
publisher={Shanghai Jiaotong University Press},
keywords={short-term velocity forecast; intelligent transportation systems (ITS); neural network (NN); hybrid particle swarm optimization-neural network (HPSO-NN) algorithm; error compensation mechanism; TP 273},
author={Liu, Si-yan and Li, De-wei and Xi, Yu-geng and Tang, Qi-feng},
pages={156-163},
language={English}
}
